@misc{DevOps-CI-CDont,
  author = {\authorOfPaper},
  title = {Continuous integration},
  year = {2023},
  howpublished = {\url{https://github.com/DevOps-CI-CDont/DevOps-CI-CDont/blob/main/.github/workflows/CI.yml}},
}

@online{GitHub-Secrets,
  author = {{GitHub}},
  title = {Encrypted Secrets},
  year = {n.d.},
  url = {https://docs.github.com/en/actions/security-guides/encrypted-secrets},
  organization = {GitHub},
}

@online{DigitalOcean-doctl,
  author = {{DigitalOcean}},
  title = {doctl Command-Line Interface (CLI)},
  year = {n.d.},
  url = {https://docs.digitalocean.com/reference/doctl/},
  organization = {DigitalOcean},
}

@misc{watchtower,
  author = {{containrrr}},
  title = {Watchtower},
  year = {n.d.},
  howpublished = {\url{https://github.com/containrrr/watchtower}},
  note = {GitHub repository},
}

@misc{branching_strategy,
  author = {Rowan Haddad},
  title = {What Are the Best Git Branching Strategies},
  year = {2022},
  howpublished = {\url{https://www.flagship.io/git-branching-strategies/}},
}

@misc{monorepo_pros,
  author = {Ron Powell},
  title = {Benefits and challenges of monorepo development practices},
  year = {2023},
  howpublished = {\url{https://circleci.com/blog/monorepo-dev-practices/}},
}
@misc{gin-gonic,
  title = {Gin Web Framework},
  howpublished = {\url{https://gin-gonic.com/}},
  note = {Accessed: May 18, 2023}
}
@misc{nextjs,
  title = {Next.js},
  howpublished = {\url{https://nextjs.org/}},
  note = {Accessed: May 18, 2023}
}
@misc{gorm,
  title = {GORM},
  howpublished = {\url{https://gorm.io/}},
  note = {Accessed: May 18, 2023}
}
